# CSE 250B lecture notes on LDA
@misc{CSE250B,
    title = {Text mining and topic models},
    author = {Charles Elkan},
    year = {2013},
    month = {February},
}


# previous CSE 250B projects
@misc{Nguyen,
    title = {Hyphenation with Conditional Random Field},
    author = {Panqu Wang and Phuc Xuan Nguyen and Saekwang Nam},
    year = {2012},
    howpublished = {\url{http://www.pxnguyen.com}},
    note = {Accessed: 02/08/2013}
}
